
@article{siemens2013learning,
  title = {Learning Analytics: {{The}} Emergence of a Discipline},
  author = {Siemens, George},
  year = {2013},
  volume = {57},
  pages = {1380--1400},
  issn = {0002-7642},
  journal = {The American behavioral scientist},
  number = {10}
}



@book{krumm2018learning,
  title = {Learning {{Analytics Goes}} to {{School}}: {{A Collaborative Approach}} to {{Improving Education}}},
  author = {Krumm, Andrew and Means, Barbara and Bienkowski, Marie},
  year = {2018},
  month = jan,
  publisher = {{Routledge}},
  isbn = {978-1-317-30786-0},
  language = {en}
}


@incollection{prinsloo2017ethics,
  title = {Ethics and {{Learning Analytics}}: {{Charting}} the ({{Un}}){{Charted}}},
  booktitle = {Handbook of {{Learning Analytics}}},
  author = {Prinsloo, Paul and Slade, Sharon},
  editor = {Lang, Charles and Siemens, George and Wise, Alyssa and Gasevic, Dragan},
  year = {2017},
  month = may,
  edition = {First},
  pages = {49--57},
  publisher = {{Society for Learning Analytics Research (SoLAR)}},
  doi = {10.18608/hla17.004},
  isbn = {978-0-9952408-0-3}
}

@article{kitto2019practical,
  title = {Practical Ethics for Building Learning Analytics},
  author = {Kitto, Kirsty and Knight, Simon},
  year = {2019},
  month = nov,
  volume = {50},
  pages = {2855--2870},
  issn = {0007-1013, 1467-8535},
  doi = {10.1111/bjet.12868},
  journal = {British Journal of Educational Technology},
  language = {en},
  number = {6}
}


@inproceedings{chen2019valuesensitive,
  title = {Towards {{Value}}-{{Sensitive Learning Analytics Design}}},
  booktitle = {Proceedings of the 9th {{International Conference}} on {{Learning Analytics}} \& {{Knowledge}}},
  author = {Chen, Bodong and Zhu, Haiyi},
  year = {2019},
  month = mar,
  pages = {343--352},
  publisher = {{ACM}},
  doi = {10.1145/3303772.3303798},
  isbn = {978-1-4503-6256-6},
  keywords = {data ethics,learning analytics,social media,value sensitive design,values}
}


@incollection{winne2017learning,
  title = {Learning {{Analytics}} for {{Self}}-{{Regulated Learning}}},
  booktitle = {Handbook of {{Learning Analytics}}},
  author = {Winne, Philip H.},
  editor = {Lang, Charles and Siemens, George and Wise, Alyssa and Gasevic, Dragan},
  year = {2017},
  month = may,
  edition = {First},
  pages = {241--249},
  publisher = {{Society for Learning Analytics Research (SoLAR)}},
  doi = {10.18608/hla17.021},
  isbn = {978-0-9952408-0-3}
}

@article{wise2015why,
  title = {Why Theory Matters More than Ever in the Age of Big Data},
  author = {Wise, Alyssa Friend and Schaffer, David Williamson},
  year = {2015},
  volume = {2},
  pages = {5--13},
  issn = {1929-7750},
  doi = {10.18608/jla.2015.22.2},
  journal = {Journal of Learning Analytics},
  number = {2}
}

@article{kizilcec2017selfregulated,
  title = {Self-Regulated Learning Strategies Predict Learner Behavior and Goal Attainment in {{Massive Open Online Courses}}},
  author = {Kizilcec, Ren{\'e} F and {P{\'e}rez-Sanagust{\'i}n}, Mar and Maldonado, Jorge J},
  year = {2017},
  volume = {104},
  pages = {18--33},
  issn = {0360-1315},
  doi = {10.1016/j.compedu.2016.10.001},
  journal = {Computers \& education},
  keywords = {Individual differences,Learning analytics,Massive open online course,Online learning,Self-regulated learning}
}

@article{perrotta2018social,
  title = {The Social Life of {{Learning Analytics}}: Cluster Analysis and the `performance' of Algorithmic Education},
  author = {Perrotta, Carlo and Williamson, Ben},
  year = {2018},
  month = jan,
  volume = {43},
  pages = {3--16},
  issn = {1743-9884, 1743-9892},
  doi = {10.1080/17439884.2016.1182927},
  journal = {Learning, media and technology},
  number = {1}
}


@incollection{knight2017theory,
  title = {Theory and Learning Analytics},
  booktitle = {Handbook of Learning Analytics},
  author = {Knight, Simon and Shum, Simon Buckingham},
  year = {2017},
  pages = {17--22},
  publisher = {{SoLAR}}
}


@article{romero2020educational,
  title = {Educational Data Mining and Learning Analytics: {{An}} Updated Survey},
  shorttitle = {Educational Data Mining and Learning Analytics},
  author = {Romero, Cristobal and Ventura, Sebastian},
  year = {2020},
  month = may,
  volume = {10},
  issn = {1942-4787, 1942-4795},
  doi = {10.1002/widm.1355},
  journal = {WIREs Data Mining and Knowledge Discovery},
  language = {en},
  number = {3}
}



@article{slater2017tools,
  title = {Tools for {{Educational Data Mining}}: {{A Review}}},
  author = {Slater, Stefan and Joksimovi{\'c}, Sre{\'c}ko and Kovanovic, Vitomir and Baker, Ryan S and Gasevic, Dragan},
  year = {2017},
  month = feb,
  volume = {42},
  pages = {85--106},
  issn = {1076-9986},
  doi = {10.3102/1076998616666808},
  journal = {Journal of educational and behavioral statistics: a quarterly publication sponsored by the American Educational Research Association and the American Statistical Association},
  keywords = {EDM},
  number = {1}
}




